% Encoding: ISO-8859-1

@Article{Lander2001,
  author          = {Lander, E. S. and Linton, L. M. and Birren, B. and Nusbaum, C. and Zody, M. C. and Baldwin, J. and Devon, K. and Dewar, K. and Doyle, M. and FitzHugh, W. and Funke, R. and Gage, D. and Harris, K. and Heaford, A. and Howland, J. and Kann, L. and Lehoczky, J. and LeVine, R. and McEwan, P. and McKernan, K. and Meldrim, J. and Mesirov, J. P. and Miranda, C. and Morris, W. and Naylor, J. and Raymond, C. and Rosetti, M. and Santos, R. and Sheridan, A. and Sougnez, C. and Stange-Thomann, Y. and Stojanovic, N. and Subramanian, A. and Wyman, D. and Rogers, J. and Sulston, J. and Ainscough, R. and Beck, S. and Bentley, D. and Burton, J. and Clee, C. and Carter, N. and Coulson, A. and Deadman, R. and Deloukas, P. and Dunham, A. and Dunham, I. and Durbin, R. and French, L. and Grafham, D. and Gregory, S. and Hubbard, T. and Humphray, S. and Hunt, A. and Jones, M. and Lloyd, C. and McMurray, A. and Matthews, L. and Mercer, S. and Milne, S. and Mullikin, J. C. and Mungall, A. and Plumb, R. and Ross, M. and Shownkeen, R. and Sims, S. and Waterston, R. H. and Wilson, R. K. and Hillier, L. W. and McPherson, J. D. and Marra, M. A. and Mardis, E. R. and Fulton, L. A. and Chinwalla, A. T. and Pepin, K. H. and Gish, W. R. and Chissoe, S. L. and Wendl, M. C. and Delehaunty, K. D. and Miner, T. L. and Delehaunty, A. and Kramer, J. B. and Cook, L. L. and Fulton, R. S. and Johnson, D. L. and Minx, P. J. and Clifton, S. W. and Hawkins, T. and Branscomb, E. and Predki, P. and Richardson, P. and Wenning, S. and Slezak, T. and Doggett, N. and Cheng, J. F. and Olsen, A. and Lucas, S. and Elkin, C. and Uberbacher, E. and Frazier, M. and Gibbs, R. A. and Muzny, D. M. and Scherer, S. E. and Bouck, J. B. and Sodergren, E. J. and Worley, K. C. and Rives, C. M. and Gorrell, J. H. and Metzker, M. L. and Naylor, S. L. and Kucherlapati, R. S. and Nelson, D. L. and Weinstock, G. M. and Sakaki, Y. and Fujiyama, A. and Hattori, M. and Yada, T. and Toyoda, A. and Itoh, T. and Kawagoe, C. and Watanabe, H. and Totoki, Y. and Taylor, T. and Weissenbach, J. and Heilig, R. and Saurin, W. and Artiguenave, F. and Brottier, P. and Bruls, T. and Pelletier, E. and Robert, C. and Wincker, P. and Smith, D. R. and Doucette-Stamm, L. and Rubenfield, M. and Weinstock, K. and Lee, H. M. and Dubois, J. and Rosenthal, A. and Platzer, M. and Nyakatura, G. and Taudien, S. and Rump, A. and Yang, H. and Yu, J. and Wang, J. and Huang, G. and Gu, J. and Hood, L. and Rowen, L. and Madan, A. and Qin, S. and Davis, R. W. and Federspiel, N. A. and Abola, A. P. and Proctor, M. J. and Myers, R. M. and Schmutz, J. and Dickson, M. and Grimwood, J. and Cox, D. R. and Olson, M. V. and Kaul, R. and Raymond, C. and Shimizu, N. and Kawasaki, K. and Minoshima, S. and Evans, G. A. and Athanasiou, M. and Schultz, R. and Roe, B. A. and Chen, F. and Pan, H. and Ramser, J. and Lehrach, H. and Reinhardt, R. and McCombie, W. R. and de la Bastide, M. and Dedhia, N. and Blöcker, H. and Hornischer, K. and Nordsiek, G. and Agarwala, R. and Aravind, L. and Bailey, J. A. and Bateman, A. and Batzoglou, S. and Birney, E. and Bork, P. and Brown, D. G. and Burge, C. B. and Cerutti, L. and Chen, H. C. and Church, D. and Clamp, M. and Copley, R. R. and Doerks, T. and Eddy, S. R. and Eichler, E. E. and Furey, T. S. and Galagan, J. and Gilbert, J. G. and Harmon, C. and Hayashizaki, Y. and Haussler, D. and Hermjakob, H. and Hokamp, K. and Jang, W. and Johnson, L. S. and Jones, T. A. and Kasif, S. and Kaspryzk, A. and Kennedy, S. and Kent, W. J. and Kitts, P. and Koonin, E. V. and Korf, I. and Kulp, D. and Lancet, D. and Lowe, T. M. and McLysaght, A. and Mikkelsen, T. and Moran, J. V. and Mulder, N. and Pollara, V. J. and Ponting, C. P. and Schuler, G. and Schultz, J. and Slater, G. and Smit, A. F. and Stupka, E. and Szustakowki, J. and Thierry-Mieg, D. and Thierry-Mieg, J. and Wagner, L. and Wallis, J. and Wheeler, R. and Williams, A. and Wolf, Y. I. and Wolfe, K. H. and Yang, S. P. and Yeh, R. F. and Collins, F. and Guyer, M. S. and Peterson, J. and Felsenfeld, A. and Wetterstrand, K. A. and Patrinos, A. and Morgan, M. J. and de Jong, P. and Catanese, J. J. and Osoegawa, K. and Shizuya, H. and Choi, S. and Chen, Y. J. and Szustakowki, J. and Consortium, International Human Genome Sequencing},
  journal         = {Nature},
  title           = {Initial sequencing and analysis of the human genome.},
  year            = {2001},
  issn            = {0028-0836},
  month           = feb,
  pages           = {860--921},
  volume          = {409},
  abstract        = {The human genome holds an extraordinary trove of information about human development, physiology, medicine and evolution. Here we report the results of an international collaboration to produce and make freely available a draft sequence of the human genome. We also present an initial analysis of the data, describing some of the insights that can be gleaned from the sequence.},
  chemicals       = {DNA Transposable Elements, Proteins, Proteome, RNA},
  citation-subset = {IM},
  completed       = {2001-03-22},
  country         = {England},
  doi             = {10.1038/35057062},
  issn-linking    = {0028-0836},
  issue           = {6822},
  keywords        = {Animals; Chromosome Mapping; Conserved Sequence; CpG Islands; DNA Transposable Elements; Databases, Factual; Drug Industry; Evolution, Molecular; Forecasting; GC Rich Sequence; Gene Duplication; Genes; Genetic Diseases, Inborn; Genetics, Medical; Genome, Human; Human Genome Project; Humans; Mutation; Private Sector; Proteins, genetics; Proteome; Public Sector; RNA, genetics; Repetitive Sequences, Nucleic Acid; Sequence Analysis, DNA, methods; Species Specificity},
  nlm-id          = {0410462},
  owner           = {NLM},
  pmid            = {11237011},
  pubmodel        = {Print},
  pubstate        = {ppublish},
  revised         = {2024-07-29},
}

@Article{Venter2001,
  author          = {Venter, J. C. and Adams, M. D. and Myers, E. W. and Li, P. W. and Mural, R. J. and Sutton, G. G. and Smith, H. O. and Yandell, M. and Evans, C. A. and Holt, R. A. and Gocayne, J. D. and Amanatides, P. and Ballew, R. M. and Huson, D. H. and Wortman, J. R. and Zhang, Q. and Kodira, C. D. and Zheng, X. H. and Chen, L. and Skupski, M. and Subramanian, G. and Thomas, P. D. and Zhang, J. and Gabor Miklos, G. L. and Nelson, C. and Broder, S. and Clark, A. G. and Nadeau, J. and McKusick, V. A. and Zinder, N. and Levine, A. J. and Roberts, R. J. and Simon, M. and Slayman, C. and Hunkapiller, M. and Bolanos, R. and Delcher, A. and Dew, I. and Fasulo, D. and Flanigan, M. and Florea, L. and Halpern, A. and Hannenhalli, S. and Kravitz, S. and Levy, S. and Mobarry, C. and Reinert, K. and Remington, K. and Abu-Threideh, J. and Beasley, E. and Biddick, K. and Bonazzi, V. and Brandon, R. and Cargill, M. and Chandramouliswaran, I. and Charlab, R. and Chaturvedi, K. and Deng, Z. and Di Francesco, V. and Dunn, P. and Eilbeck, K. and Evangelista, C. and Gabrielian, A. E. and Gan, W. and Ge, W. and Gong, F. and Gu, Z. and Guan, P. and Heiman, T. J. and Higgins, M. E. and Ji, R. R. and Ke, Z. and Ketchum, K. A. and Lai, Z. and Lei, Y. and Li, Z. and Li, J. and Liang, Y. and Lin, X. and Lu, F. and Merkulov, G. V. and Milshina, N. and Moore, H. M. and Naik, A. K. and Narayan, V. A. and Neelam, B. and Nusskern, D. and Rusch, D. B. and Salzberg, S. and Shao, W. and Shue, B. and Sun, J. and Wang, Z. and Wang, A. and Wang, X. and Wang, J. and Wei, M. and Wides, R. and Xiao, C. and Yan, C. and Yao, A. and Ye, J. and Zhan, M. and Zhang, W. and Zhang, H. and Zhao, Q. and Zheng, L. and Zhong, F. and Zhong, W. and Zhu, S. and Zhao, S. and Gilbert, D. and Baumhueter, S. and Spier, G. and Carter, C. and Cravchik, A. and Woodage, T. and Ali, F. and An, H. and Awe, A. and Baldwin, D. and Baden, H. and Barnstead, M. and Barrow, I. and Beeson, K. and Busam, D. and Carver, A. and Center, A. and Cheng, M. L. and Curry, L. and Danaher, S. and Davenport, L. and Desilets, R. and Dietz, S. and Dodson, K. and Doup, L. and Ferriera, S. and Garg, N. and Gluecksmann, A. and Hart, B. and Haynes, J. and Haynes, C. and Heiner, C. and Hladun, S. and Hostin, D. and Houck, J. and Howland, T. and Ibegwam, C. and Johnson, J. and Kalush, F. and Kline, L. and Koduru, S. and Love, A. and Mann, F. and May, D. and McCawley, S. and McIntosh, T. and McMullen, I. and Moy, M. and Moy, L. and Murphy, B. and Nelson, K. and Pfannkoch, C. and Pratts, E. and Puri, V. and Qureshi, H. and Reardon, M. and Rodriguez, R. and Rogers, Y. H. and Romblad, D. and Ruhfel, B. and Scott, R. and Sitter, C. and Smallwood, M. and Stewart, E. and Strong, R. and Suh, E. and Thomas, R. and Tint, N. N. and Tse, S. and Vech, C. and Wang, G. and Wetter, J. and Williams, S. and Williams, M. and Windsor, S. and Winn-Deen, E. and Wolfe, K. and Zaveri, J. and Zaveri, K. and Abril, J. F. and Guigó, R. and Campbell, M. J. and Sjolander, K. V. and Karlak, B. and Kejariwal, A. and Mi, H. and Lazareva, B. and Hatton, T. and Narechania, A. and Diemer, K. and Muruganujan, A. and Guo, N. and Sato, S. and Bafna, V. and Istrail, S. and Lippert, R. and Schwartz, R. and Walenz, B. and Yooseph, S. and Allen, D. and Basu, A. and Baxendale, J. and Blick, L. and Caminha, M. and Carnes-Stine, J. and Caulk, P. and Chiang, Y. H. and Coyne, M. and Dahlke, C. and Deslattes Mays, A. and Dombroski, M. and Donnelly, M. and Ely, D. and Esparham, S. and Fosler, C. and Gire, H. and Glanowski, S. and Glasser, K. and Glodek, A. and Gorokhov, M. and Graham, K. and Gropman, B. and Harris, M. and Heil, J. and Henderson, S. and Hoover, J. and Jennings, D. and Jordan, C. and Jordan, J. and Kasha, J. and Kagan, L. and Kraft, C. and Levitsky, A. and Lewis, M. and Liu, X. and Lopez, J. and Ma, D. and Majoros, W. and McDaniel, J. and Murphy, S. and Newman, M. and Nguyen, T. and Nguyen, N. and Nodell, M. and Pan, S. and Peck, J. and Peterson, M. and Rowe, W. and Sanders, R. and Scott, J. and Simpson, M. and Smith, T. and Sprague, A. and Stockwell, T. and Turner, R. and Venter, E. and Wang, M. and Wen, M. and Wu, D. and Wu, M. and Xia, A. and Zandieh, A. and Zhu, X.},
  journal         = {Science (New York, N.Y.)},
  title           = {The sequence of the human genome.},
  year            = {2001},
  issn            = {0036-8075},
  month           = feb,
  pages           = {1304--1351},
  volume          = {291},
  chemicals       = {DNA, Intergenic, Proteins, Retroelements},
  citation-subset = {IM},
  completed       = {2001-03-15},
  country         = {United States},
  doi             = {10.1126/science.1058040},
  issn-linking    = {0036-8075},
  issue           = {5507},
  keywords        = {Algorithms; Animals; Chromosome Banding; Chromosome Mapping; Chromosomes, Artificial, Bacterial; Computational Biology; Consensus Sequence; CpG Islands; DNA, Intergenic; Databases, Factual; Evolution, Molecular; Exons; Female; Gene Duplication; Genes; Genetic Variation; Genome, Human; Human Genome Project; Humans; Introns; Male; Phenotype; Physical Chromosome Mapping; Polymorphism, Single Nucleotide; Proteins, genetics, physiology; Pseudogenes; Repetitive Sequences, Nucleic Acid; Retroelements; Sequence Analysis, DNA, methods; Species Specificity},
  nlm-id          = {0404511},
  owner           = {NLM},
  pii             = {291/5507/1304},
  pmid            = {11181995},
  pubmodel        = {Print},
  pubstate        = {ppublish},
  revised         = {2024-01-09},
}

@Article{Sanger1977,
  author          = {Sanger, F. and Nicklen, S. and Coulson, A. R.},
  journal         = {Proceedings of the National Academy of Sciences of the United States of America},
  title           = {DNA sequencing with chain-terminating inhibitors.},
  year            = {1977},
  issn            = {0027-8424},
  month           = dec,
  pages           = {5463--5467},
  volume          = {74},
  abstract        = {A new method for determining nucleotide sequences in DNA is described. It is similar to the "plus and minus" method [Sanger, F. & Coulson, A. R. (1975) J. Mol. Biol. 94, 441-448] but makes use of the 2',3'-dideoxy and arabinonucleoside analogues of the normal deoxynucleoside triphosphates, which act as specific chain-terminating inhibitors of DNA polymerase. The technique has been applied to the DNA of bacteriophage varphiX174 and is more rapid and more accurate than either the plus or the minus method.},
  chemicals       = {DNA, Viral, Deoxyribonucleotides, DNA Polymerase I, DNA Restriction Enzymes},
  citation-subset = {IM},
  completed       = {1978-03-21},
  country         = {United States},
  doi             = {10.1073/pnas.74.12.5463},
  issn-linking    = {0027-8424},
  issue           = {12},
  keywords        = {Base Sequence; Coliphages, analysis; DNA Polymerase I, antagonists & inhibitors; DNA Restriction Enzymes, metabolism; DNA, Viral; Deoxyribonucleotides, pharmacology; Methods},
  nlm-id          = {7505876},
  owner           = {NLM},
  pmc             = {PMC431765},
  pmid            = {271968},
  pubmodel        = {Print},
  pubstate        = {ppublish},
  revised         = {2024-01-09},
}

@Comment{jabref-meta: databaseType:bibtex;}
